@book{glicksman2000diffusion,
  title={Diffusion in solids: field theory, solid-state principles, and applications},
  author={Glicksman, ME},
  journal={New York},
  pages={220-225},
  year={2000}
}

@book{callister2007materials,
  title={Materials science and engineering: an introduction},
  author={Callister, William D and Rethwisch, David G and others},
  volume={7},
  year={1940},
  pages={105-113},
  publisher={John Wiley \& Sons New York}
}

@article{baranowska2010importance,
  title={Importance of surface activation for nitrided layer formation on austenitic stainless steel},
  author={Baranowska, J},
  journal={Surface Engineering},
  volume={26},
  number={4},
  pages={293--298},
  year={2010},
  publisher={Taylor \& Francis}
}

@phdthesis{zimmermannnitretaccao,
  title={Nitretação a plasma de um aço inoxidável duplex 2205.},
  author={Zimmermann, Margarita Rosa Bobadilla},
  year={2014},
  school={Universidade de São Paulo}
}

@book{crank1979mathematics,
  title={The mathematics of diffusion},
  author={Crank, John and others},
  year={1979},
  publisher={Oxford university press}
}

@article{reed1989nitrogen,
  title={Nitrogen in austenitic stainless steels},
  author={Reed, Richard P},
  journal={Jom},
  volume={41},
  number={3},
  pages={16--21},
  year={1989},
  publisher={Springer}
}

@inproceedings{somers2018expanded,
  title={Expanded austenite; from fundamental understanding to predicting composition-and stress-depth profiles},
  author={Somers, Marcel AJ and Christiansen, Thomas L and Winther, Grethe},
  booktitle={2018 European Conference on Heat Treatment (ECHT 2018)},
  year={2018}
}

@article{christiansen2006controlled,
  title={Controlled dissolution of colossal quantities of nitrogen in stainless steel},
  author={Christiansen, Thomas and Somers, Marcel AJ},
  journal={Metallurgical and Materials Transactions A},
  volume={37},
  number={3},
  pages={675--682},
  year={2006},
  publisher={Springer}
}

@article{christiansen2008nitrogen,
  title={Nitrogen diffusion and nitrogen depth profiles in expanded austenite: experimental assessment, numerical simulation and role of stress},
  author={Christiansen, Thomas and Dahl, Kristian Vinter and Somers, Marcel AJ},
  journal={Materials Science and Technology},
  volume={24},
  number={2},
  pages={159--167},
  year={2008},
  publisher={Taylor \& Francis}
}

@article{moskalioviene2011modeling,
  title={Modeling of nitrogen penetration in polycrystalline AISI 316L austenitic stainless steel during plasma nitriding},
  author={Moskalioviene, T and Galdikas, A and Rivi{\`e}re, JP and Pichon, L},
  journal={Surface and Coatings Technology},
  volume={205},
  number={10},
  pages={3301--3306},
  year={2011},
  publisher={Elsevier}
}

@article{galdikas2011modeling,
  title={Modeling of stress induced nitrogen diffusion in nitrided stainless steel},
  author={Galdikas, Arvaidas and Moskalioviene, Teresa},
  journal={Surface and Coatings Technology},
  volume={205},
  number={12},
  pages={3742--3746},
  year={2011},
  publisher={Elsevier}
}

@article{moller2001surface,
  title={Surface processes and diffusion mechanisms of ion nitriding of stainless steel and aluminium},
  author={M{\"o}ller, W and Parascandola, S and Telbizova, T and G{\"u}nzel, R and Richter, E},
  journal={Surface and Coatings Technology},
  volume={136},
  number={1-3},
  pages={73--79},
  year={2001},
  publisher={Elsevier}
}

@article{parascandola2000nitrogen,
  title={The nitrogen transport in austenitic stainless steel at moderate temperatures},
  author={Parascandola, S and M{\"o}ller, W and Williamson, DL},
  journal={Applied Physics Letters},
  volume={76},
  number={16},
  pages={2194--2196},
  year={2000},
  publisher={AIP}
}

@article{mandl2003nitrogen,
  title={Nitrogen diffusivity in expanded austenite},
  author={M{\"a}ndl, S and Scholze, F and Neumann, H and Rauschenbach, B},
  journal={Surface and Coatings Technology},
  volume={174},
  pages={1191--1195},
  year={2003},
  publisher={Elsevier}
}

@article{mandl2002concentration,
  title={Concentration dependent nitrogen diffusion coefficient in expanded austenite formed by ion implantation},
  author={M{\"a}ndl, S and Rauschenbach, B},
  journal={Journal of Applied Physics},
  volume={91},
  number={12},
  pages={9737--9742},
  year={2002},
  publisher={AIP}
}

@article{williamson1994metastable,
  title={Metastable phase formation and enhanced diffusion in fcc alloys under high dose, high flux nitrogen implantation at high and low ion energies},
  author={Williamson, DL and Ozturk, Orhan and Wei, Rong and Wilbur, Paul J},
  journal={Surface and Coatings Technology},
  volume={65},
  number={1-3},
  pages={15--23},
  year={1994},
  publisher={Elsevier}
}

@article{sun1997numerical,
  title={A numerical model of plasma nitriding of low alloy steels},
  author={Sun, Y and Bell, T},
  journal={Materials Science and Engineering: A},
  volume={224},
  number={1-2},
  pages={33--47},
  year={1997},
  publisher={Elsevier}
}

@book{murty2013introduction,
  title={An introduction to nuclear materials: fundamentals and applications},
  author={Murty, K Linga and Charit, Indrajit},
  year={2013},
  publisher={John Wiley \& Sons}
}

@article{galdikas2010stress,
  title={Stress induced nitrogen diffusion during nitriding of austenitic stainless steel},
  author={Galdikas, Arvaidas and Moskalioviene, Teresa},
  journal={Computational Materials Science},
  volume={50},
  number={2},
  pages={796--799},
  year={2010},
  publisher={Elsevier}
}

@article{moskalioviene2012stress,
  title={Stress induced and concentration dependent diffusion of nitrogen in plasma nitrided austenitic stainless steel},
  author={Moskalioviene, Teresa and Galdikas, Arvaidas},
  journal={Vacuum},
  volume={86},
  number={10},
  pages={1552--1557},
  year={2012},
  publisher={Elsevier}
}

@inproceedings{tschiptschin2000thermodynamics,
  title={Thermodynamics and kinetics of nitrogen absorption in low carbon martensitic stainless steels},
  author={Tschiptschin, AP},
  year={2000},
  organization={THERMEC}
}

@article{moller1983pidat,
  title={PIDAT-A Computer Progam for Implant Diffusion and Trapping},
  author={M{\"o}ller, W},
  year={1983},
  publisher={Max-Planck-Institut f{\"u}r Plasmaphysik}
}

@article{peng2018numerical,
  title={Numerical analysis of stress gradient and traps effects on carbon diffusion in AISI 316L during low temperature gas phase carburization},
  author={Peng, Yawei and Gong, Jianming and Chen, Chaoming and Liu, Zhe and Jiang, Yong},
  journal={Metals},
  volume={8},
  number={4},
  pages={214},
  year={2018},
  publisher={Multidisciplinary Digital Publishing Institute}
}

@article{jespersen2016modelling,
  title={Modelling the evolution of composition-and stress-depth profiles in austenitic stainless steels during low-temperature nitriding},
  author={Jespersen, Freja N and Hattel, Jesper H and Somers, Marcel AJ},
  journal={Modelling and Simulation in Materials Science and Engineering},
  volume={24},
  number={2},
  pages={025003},
  year={2016},
  publisher={IOP Publishing}
}

@article{singman1984atomic,
  title={Atomic volume and allotropy of the elements},
  author={Singman, Charles N},
  journal={Journal of Chemical Education},
  volume={61},
  number={2},
  pages={137},
  year={1984},
  publisher={ACS Publications}
}